date,fiscalDateEnding,reportedCurrency,grossProfit,totalRevenue,costOfRevenue,costofGoodsAndServicesSold,operatingIncome,sellingGeneralAndAdministrative,researchAndDevelopment,operatingExpenses,investmentIncomeNet,netInterestIncome,interestIncome,interestExpense,nonInterestIncome,otherNonOperatingIncome,depreciation,depreciationAndAmortization,incomeBeforeTax,incomeTaxExpense,interestAndDebtExpense,netIncomeFromContinuingOperations,comprehensiveIncomeNetOfTax,ebit,ebitda,netIncome
1970-01-01 00:00:00.000000000,2025-03-31,USD,78691000000,155667000000,76976000000,76976000000,18405000000,2628000000,22994000000,60286000000,None,525000000,1066000000,541000000,None,None,None,14262000000,21679000000,4553000000,None,17127000000,None,22220000000,36482000000,17127000000
1970-01-01 00:00:00.000000001,2024-12-31,USD,88899000000,187792000000,98893000000,98893000000,21203000000,2863000000,23571000000,67696000000,None,678000000,1248000000,570000000,None,None,None,15631000000,22349000000,2325000000,None,20004000000,None,22919000000,38550000000,20004000000
1970-01-01 00:00:00.000000002,2024-09-30,USD,77900000000,158877000000,80977000000,80977000000,17411000000,2713000000,22245000000,60489000000,None,653000000,1256000000,603000000,None,None,None,13442000000,18037000000,2706000000,None,15328000000,None,18640000000,32082000000,15328000000
1970-01-01 00:00:00.000000003,2024-06-30,None,74192000000,147977000000,73785000000,73785000000,14769000000,3041000000,22304000000,59423000000,None,None,None,589000000,None,None,None,12038000000,15245000000,1767000000,None,None,None,14769000000,26807000000,13485000000
1970-01-01 00:00:00.000000004,2024-03-31,USD,70680000000,143313000000,72633000000,72633000000,15307000000,2742000000,16960000000,55145000000,None,349000000,993000000,644000000,None,None,None,11684000000,12898000000,2467000000,None,10431000000,None,15307000000,26991000000,10431000000
1970-01-01 00:00:00.000000005,2023-12-31,USD,77408000000,169961000000,92553000000,92553000000,13209000000,3010000000,22038000000,64045000000,None,188000000,901000000,713000000,None,None,None,13820000000,13686000000,3062000000,None,10624000000,None,13209000000,27029000000,10624000000
1970-01-01 00:00:00.000000006,2023-09-30,USD,68061000000,143083000000,75022000000,75022000000,11188000000,2561000000,21203000000,56629000000,None,-30000000,1072000000,806000000,None,None,None,12131000000,12189000000,2306000000,None,9879000000,None,11188000000,23319000000,9879000000
1970-01-01 00:00:00.000000007,2023-06-30,USD,65010000000,134383000000,69373000000,69373000000,7681000000,3202000000,18829000000,57183000000,None,-179000000,661000000,840000000,None,713000000,None,11589000000,7554000000,804000000,None,6759000000,None,7681000000,19270000000,6750000000
1970-01-01 00:00:00.000000008,2023-03-31,USD,59567000000,127358000000,67791000000,67791000000,4774000000,3043000000,17420000000,54570000000,None,-212000000,611000000,823000000,None,169000000,None,11123000000,4120000000,948000000,None,3171000000,None,4774000000,15897000000,3172000000
1970-01-01 00:00:00.000000009,2022-12-31,USD,63564000000,149204000000,85640000000,85640000000,2547000000,3333000000,3653000000,60258000000,None,-249000000,445000000,694000000,None,-2992000000,None,12685000000,-962000000,-1227000000,None,265000000,None,2547000000,15232000000,278000000
1970-01-01 00:00:00.000000010,2022-09-30,USD,56833000000,127101000000,70268000000,70268000000,2525000000,3061000000,16787000000,54184180000,None,-340000000,277000000,617000000,None,1033000000,None,10204000000,2941000000,69000000,None,2875000000,None,2525000000,12729000000,2872000000
1970-01-01 00:00:00.000000011,2022-06-30,USD,54810000000,121234000000,66424000000,66424000000,3317000000,2903000000,15468000000,51369526000,None,-425000000,159000000,584000000,None,-5398000000,None,9716000000,-2665000000,637000000,None,-2016000000,None,3317000000,13033000000,-2028000000
1970-01-01 00:00:00.000000012,2022-03-31,USD,49945000000,116444000000,66499000000,66499000000,3669000000,2594000000,12270000000,46154654000,None,-364000000,108000000,472000000,None,-8463000000,None,9193000000,-5266000000,-1422000000,None,-3843000000,None,3669000000,12862000000,-3844000000
1970-01-01 00:00:00.000000013,2021-12-31,USD,54577000000,137412000000,82835000000,82835000000,3460000000,2525000000,2001000000,50983048000,None,-364000000,118000000,482000000,None,11957000000,None,9802000000,14934000000,612000000,None,14322000000,None,3460000000,13262000000,14323000000
1970-01-01 00:00:00.000000014,2021-09-30,USD,47882000000,110812000000,62930000000,62930000000,4852000000,2153000000,12097000000,42923873000,None,-374000000,119000000,493000000,None,-48000000,None,8948000000,4311000000,1155000000,None,3156000000,None,4852000000,13800000000,3156000000
1970-01-01 00:00:00.000000015,2021-06-30,USD,48904000000,113080000000,64176000000,64176000000,7702000000,2158000000,11794000000,41097895000,None,-329000000,106000000,435000000,None,1379000000,None,8038000000,8646000000,868000000,None,7778000000,None,7702000000,15740000000,7778000000
1970-01-01 00:00:00.000000016,2021-03-31,USD,46115000000,108518000000,62403000000,62403000000,8865000000,1987000000,10584000000,37152039000,None,-294000000,105000000,399000000,None,1797000000,None,7508000000,10263000000,2156000000,None,8107000000,None,8865000000,16373000000,8107000000
1970-01-01 00:00:00.000000017,2020-12-31,USD,46271000000,125555000000,79284000000,79284000000,6873000000,1968000000,5242000000,39386131800,None,-314000000,100000000,414000000,None,1329000000,None,7618000000,7765000000,566000000,None,7199000000,None,6873000000,14491000000,7222000000
1970-01-01 00:00:00.000000018,2020-09-30,USD,39039000000,96145000000,57106000000,57106000000,6194000000,1668000000,9334000000,32756065000,None,-310000000,118000000,428000000,None,1134000000,None,6523000000,6900000000,569000000,None,6240000000,None,6194000000,12717000000,6331000000
1970-01-01 00:00:00.000000019,2020-06-30,USD,36252000000,88912000000,52660000000,52660000000,5843000000,1580000000,8945000000,30326583000,None,-268000000,135000000,403000000,None,787000000,None,5748000000,6227000000,984000000,None,5237000000,None,5843000000,11591000000,5243000000
1970-01-01 00:00:00.000000020,2020-03-31,USD,31195000000,75452000000,44257000000,44257000000,3989000000,1452000000,7993000000,27134027000,None,-200000000,202000000,402000000,None,-308000000,None,5362000000,3279000000,744000000,None,2639000000,None,3989000000,9351000000,2535000000
1970-01-01 00:00:00.000000021,2019-12-31,USD,21267000000,87436000000,66169000000,66169000000,3880000000,7583000000,9740000000,17322000000,None,-244000000,211000000,455000000,None,630000000,None,6170000000,4054000000,787000000,None,3267000000,None,3880000000,10050000000,3268000000
1970-01-01 00:00:00.000000022,2019-09-30,USD,28679000000,69981000000,41302000000,41302000000,3020000000,1348000000,8022000000,66961000000,None,-172000000,224000000,396000000,None,-133000000,None,5563000000,2628000000,494000000,None,2138000000,None,3020000000,8583000000,2134000000
1970-01-01 00:00:00.000000023,2019-06-30,USD,27067000000,63404000000,36337000000,36337000000,3084000000,1270000000,7910000000,60320000000,None,-168000000,215000000,383000000,None,181000000,None,5202000000,2882000000,257000000,None,2632000000,None,3084000000,8286000000,2625000000
1970-01-01 00:00:00.000000024,2019-03-31,USD,25780000000,59700000000,33920000000,33920000000,4420000000,1173000000,6841000000,55280000000,None,-183000000,183000000,366000000,None,343000000,None,4854000000,4397000000,836000000,None,3565000000,None,4420000000,9274000000,3561000000
1970-01-01 00:00:00.000000025,2018-12-31,USD,27597000000,72383000000,44786000000,44786000000,3786000000,1117000000,1452000000,68597000000,None,None,None,387000000,None,-46000000,None,4262000000,3350000000,327000000,None,3022000000,None,3786000000,8048000000,3027000000
1970-01-01 00:00:00.000000026,2018-09-30,USD,23573000000,56576000000,33003000000,33003000000,3724000000,1041000000,6303000000,52852000000,None,None,None,358000000,None,25000000,None,3778000000,3391000000,508000000,None,2882000000,None,3724000000,7502000000,2883000000
1970-01-01 00:00:00.000000027,2018-06-30,USD,22254000000,52886000000,30632000000,30632000000,2983000000,1111000000,6432000000,49903000000,None,None,None,343000000,None,-32000000,None,3630000000,2608000000,74000000,None,2531000000,None,2983000000,6613000000,2534000000
1970-01-01 00:00:00.000000028,2018-03-31,USD,20307000000,51042000000,30735000000,30735000000,1927000000,1067000000,5968000000,49115000000,None,None,None,330000000,None,319000000,None,3671000000,1916000000,287000000,None,1629000000,None,1927000000,5598000000,1629000000
1970-01-01 00:00:00.000000029,2017-12-31,USD,21959000000,60453000000,38494000000,38494000000,2127000000,1044000000,221000000,58326000000,None,None,None,339000000,None,83000000,None,3498000000,1872000000,16000000,None,1856000000,None,2127000000,5625000000,1856000000
1970-01-01 00:00:00.000000030,2017-09-30,USD,16195000000,43744000000,27549000000,27549000000,347000000,960000000,128000000,43397000000,None,None,None,228000000,None,195000000,None,2784000000,314000000,58000000,None,258000000,None,347000000,3131000000,256000000
1970-01-01 00:00:00.000000031,2017-06-30,USD,14504000000,37955000000,23451000000,23451000000,628000000,874000000,145000000,37327000000,None,None,None,143000000,None,179000000,None,2488000000,664000000,467000000,None,199000000,None,628000000,3116000000,197000000
1970-01-01 00:00:00.000000032,2017-03-31,USD,13274000000,35714000000,22440000000,22440000000,1005000000,795000000,4402000000,34709000000,None,None,None,139000000,None,87000000,None,2285000000,953000000,229000000,None,724000000,None,1005000000,3290000000,724000000
1970-01-01 00:00:00.000000033,2016-12-31,USD,-18922000000,43741000000,62663000000,62663000000,1255000000,717000000,999000000,42486000000,None,None,None,133000000,None,41000000,None,2297000000,1166000000,414000000,None,752000000,None,1255000000,3552000000,749000000
1970-01-01 00:00:00.000000034,2016-09-30,USD,11454000000,32714000000,21260000000,21260000000,575000000,639000000,160000000,32139000000,None,None,None,118000000,None,24000000,None,1924000000,481000000,229000000,None,262000000,None,575000000,2499000000,252000000
1970-01-01 00:00:00.000000035,2016-06-30,USD,11224000000,30404000000,19180000000,19180000000,1285000000,580000000,160000000,29119000000,None,None,None,116000000,None,-5000000,None,1749000000,1164000000,307000000,None,872000000,None,1285000000,3034000000,857000000
1970-01-01 00:00:00.000000036,2016-03-31,USD,10262000000,29128000000,18866000000,18866000000,1071000000,497000000,161000000,28057000000,None,None,None,117000000,None,34000000,None,1666000000,988000000,475000000,None,581000000,None,1071000000,2737000000,513000000
1970-01-01 00:00:00.000000037,2015-12-31,USD,11406000000,35747000000,24341000000,24341000000,1109000000,390000000,167000000,34638000000,None,None,None,115000000,None,-60000000,None,1585000000,934000000,452000000,None,486000000,None,1109000000,2694000000,482000000
1970-01-01 00:00:00.000000038,2015-09-30,USD,8603000000,25358000000,16755000000,16755000000,406000000,463000000,159000000,24952000000,None,None,None,116000000,None,-50000000,None,1440000000,240000000,161000000,None,86000000,None,406000000,1846000000,79000000
1970-01-01 00:00:00.000000039,2015-06-30,USD,8025000000,23185000000,15160000000,15160000000,464000000,467000000,157000000,22721000000,None,None,None,114000000,None,8000000,None,1347000000,358000000,266000000,None,96000000,None,464000000,1811000000,92000000
1970-01-01 00:00:00.000000040,2015-03-31,USD,7322000000,22717000000,15395000000,15395000000,255000000,427000000,152000000,22462000000,None,None,None,115000000,None,-126000000,None,1274000000,14000000,71000000,None,-50000000,None,255000000,1529000000,-57000000
1970-01-01 00:00:00.000000041,2014-12-31,USD,8657000000,29329000000,20672000000,20672000000,590000000,442000000,148000000,28739000000,None,None,None,74000000,None,-98000000,None,1232000000,419000000,205000000,None,225000000,None,590000000,1822000000,214000000
1970-01-01 00:00:00.000000042,2014-09-30,USD,5952000000,20579000000,14627000000,14627000000,-544000000,406000000,138000000,21123000000,None,None,None,49000000,None,-49000000,None,1109000000,-642000000,205000000,None,-429000000,None,-544000000,565000000,-437000000
1970-01-01 00:00:00.000000043,2014-06-30,USD,5941000000,19340000000,13399000000,13399000000,-15000000,377000000,139000000,19355000000,None,None,None,45000000,None,28000000,None,970000000,-32000000,94000000,None,-121000000,None,-15000000,955000000,-126000000
1970-01-01 00:00:00.000000044,2014-03-31,USD,5686000000,19741000000,14055000000,14055000000,146000000,327000000,133000000,19595000000,None,None,None,42000000,None,77000000,None,877000000,181000000,73000000,None,47000000,None,146000000,1023000000,108000000
1970-01-01 00:00:00.000000045,2013-12-31,USD,6781000000,25587000000,18806000000,18806000000,510000000,318000000,125000000,25077000000,None,None,None,39000000,None,-53000000,None,837000000,419000000,179000000,None,273000000,None,510000000,1347000000,240000000
1970-01-01 00:00:00.000000046,2013-09-30,USD,4726000000,17092000000,12366000000,12366000000,-25000000,278000000,117000000,17117000000,None,None,None,36000000,None,8000000,None,717000000,-53000000,12000000,None,-31000000,None,-25000000,692000000,-41000000
1970-01-01 00:00:00.000000047,2013-06-30,USD,4495000000,15704000000,11209000000,11209000000,79000000,286000000,107000000,15625000000,None,None,None,33000000,None,-40000000,None,649000000,6000000,13000000,None,4000000,None,79000000,728000000,-7000000
1970-01-01 00:00:00.000000048,2013-03-31,USD,4269000000,16070000000,11801000000,11801000000,181000000,246000000,101000000,15889000000,None,None,None,33000000,None,-84000000,None,599000000,64000000,18000000,None,99000000,None,181000000,780000000,82000000
1970-01-01 00:00:00.000000049,2012-12-31,USD,5131000000,21268000000,16137000000,16137000000,405000000,235000000,94000000,20863000000,None,None,None,28000000,None,-86000000,None,568000000,292000000,194000000,None,143000000,None,405000000,973000000,98000000
1970-01-01 00:00:00.000000050,2012-09-30,USD,3487000000,13806000000,10319000000,10319000000,-28000000,230000000,85000000,13834000000,None,None,None,22000000,None,-141000000,None,469000000,-191000000,83000000,None,-105000000,None,-28000000,441000000,-274000000
1970-01-01 00:00:00.000000051,2012-06-30,USD,908000000,12834000000,11926000000,11926000000,107000000,232000000,1082000000,12727000000,None,None,None,21000000,None,30000000,None,485000000,146000000,109000000,None,37000000,None,107000000,592000000,7000000
1970-01-01 00:00:00.000000052,2012-03-31,USD,918000000,13185000000,12267000000,12267000000,192000000,200000000,945000000,12993000000,None,None,None,21000000,None,2000000,None,457000000,84000000,43000000,None,41000000,None,192000000,649000000,130000000
1970-01-01 00:00:00.000000053,2011-12-31,USD,1080000000,17431000000,16351000000,16351000000,260000000,184000000,863000000,17171000000,None,None,None,20000000,None,23000000,None,359000000,273000000,86000000,None,186000000,None,260000000,619000000,177000000
1970-01-01 00:00:00.000000054,2011-09-30,USD,661000000,10876000000,10215000000,10215000000,79000000,175000000,769000000,10797000000,None,None,None,17000000,None,68000000,None,278000000,130000000,67000000,None,63000000,None,79000000,357000000,63000000
1970-01-01 00:00:00.000000055,2011-06-30,USD,749000000,9913000000,9164000000,9164000000,201000000,166000000,698000000,9712000000,None,None,None,15000000,None,54000000,None,244000000,225000000,49000000,None,176000000,None,201000000,445000000,191000000
1970-01-01 00:00:00.000000056,2011-03-31,USD,815000000,9857000000,9042000000,9042000000,322000000,133000000,579000000,9535000000,None,None,None,12000000,None,-20000000,None,202000000,307000000,89000000,None,218000000,None,322000000,524000000,201000000
1970-01-01 00:00:00.000000057,2010-12-31,USD,1021000000,12947000000,11926000000,11926000000,474000000,143000000,884000000,12473000000,None,None,None,11000000,None,38000000,None,170000000,506000000,84000000,None,422000000,None,474000000,644000000,416000000
1970-01-01 00:00:00.000000058,2010-09-30,USD,652000000,7560000000,6908000000,6908000000,268000000,117000000,442000000,7292000000,None,None,None,11000000,None,53000000,None,150000000,292000000,79000000,None,213000000,None,268000000,418000000,231000000
1970-01-01 00:00:00.000000059,2010-06-30,USD,619000000,6566000000,5947000000,5947000000,270000000,113000000,408000000,6296000000,None,None,None,9000000,None,34000000,None,129000000,297000000,88000000,None,209000000,None,270000000,399000000,207000000
1970-01-01 00:00:00.000000060,2010-03-31,USD,718000000,7131000000,6413000000,6413000000,394000000,97000000,366000000,6737000000,None,None,None,7000000,None,12000000,None,119000000,401000000,100000000,None,301000000,None,394000000,513000000,299000000
1970-01-01 00:00:00.000000061,2009-12-31,USD,872000000,9520000000,8648000000,8648000000,476000000,100000000,1240000000,9044000000,None,None,None,8000000,None,None,None,112000000,471000000,85000000,None,0,None,476000000,588000000,384000000
1970-01-01 00:00:00.000000062,2009-09-30,USD,492000000,5449000000,4957000000,4957000000,251000000,83000000,315000000,5198000000,None,None,None,7000000,None,15000000,None,96000000,262000000,60000000,None,202000000,None,251000000,347000000,199000000
1970-01-01 00:00:00.000000063,2009-06-30,USD,425000000,4651000000,4226000000,4226000000,159000000,77000000,299000000,4492000000,None,None,None,7000000,None,29000000,None,84000000,179000000,39000000,None,140000000,None,159000000,243000000,142000000
1970-01-01 00:00:00.000000064,2009-03-31,USD,451000000,4889000000,4438000000,4438000000,244000000,68000000,275000000,4645000000,None,None,None,12000000,None,None,None,87000000,248000000,69000000,None,0,None,244000000,331000000,177000000
1970-01-01 00:00:00.000000065,2008-12-31,USD,522000000,6704000000,6182000000,6182000000,273000000,71000000,277000000,6431000000,None,None,None,11000000,None,None,None,77000000,303000000,80000000,None,0,None,273000000,350000000,225000000
1970-01-01 00:00:00.000000066,2008-09-30,USD,342000000,4264000000,3922000000,3922000000,154000000,73000000,264000000,4110000000,None,None,None,17000000,None,None,None,76000000,182000000,59000000,None,0,None,154000000,230000000,118000000
1970-01-01 00:00:00.000000067,2008-06-30,USD,348000000,4063000000,3715000000,3715000000,217000000,74000000,258000000,3846000000,None,None,None,21000000,None,None,None,70000000,208000000,46000000,None,0,None,217000000,287000000,158000000
1970-01-01 00:00:00.000000068,2008-03-31,USD,368000000,4135000000,3767000000,3767000000,198000000,61000000,234000000,3937000000,None,None,None,22000000,None,None,None,65000000,207000000,62000000,None,0,None,198000000,263000000,143000000
1970-01-01 00:00:00.000000069,2007-12-31,USD,471000000,5672000000,5201000000,5201000000,271000000,64000000,222000000,5401000000,None,None,None,20000000,None,None,None,63000000,281000000,74000000,None,0,None,271000000,334000000,207000000
1970-01-01 00:00:00.000000070,2007-09-30,USD,257000000,3262000000,3005000000,3005000000,123000000,57000000,209000000,3139000000,None,None,None,19000000,None,None,None,61000000,124000000,44000000,None,0,None,123000000,184000000,80000000
1970-01-01 00:00:00.000000071,2007-06-30,USD,242000000,2886000000,2644000000,2644000000,116000000,58000000,201000000,2770000000,None,None,None,19000000,None,None,None,60000000,111000000,33000000,None,0,None,116000000,176000000,78000000
1970-01-01 00:00:00.000000072,2007-03-31,USD,273000000,3015000000,2742000000,2742000000,145000000,56000000,186000000,2870000000,None,None,None,19000000,None,None,None,62000000,144000000,33000000,None,0,None,145000000,207000000,111000000
1970-01-01 00:00:00.000000073,2006-12-31,USD,335000000,3986000000,3651000000,3651000000,197000000,45000000,177000000,3789000000,None,None,None,20000000,None,None,None,59000000,188000000,91000000,None,0,None,197000000,256000000,97000000
1970-01-01 00:00:00.000000074,2006-09-30,USD,160000000,2307000000,2147000000,2147000000,40000000,54000000,172000000,2267000000,None,None,None,21000000,None,None,None,63000000,38000000,19000000,None,0,None,40000000,103000000,19000000
1970-01-01 00:00:00.000000075,2006-06-30,USD,153000000,2139000000,1986000000,1986000000,47000000,50000000,167000000,2092000000,None,None,None,19000000,None,None,None,43000000,54000000,32000000,None,0,None,47000000,90000000,22000000
1970-01-01 00:00:00.000000076,2006-03-31,USD,208000000,2279000000,2071000000,2071000000,106000000,45000000,146000000,2173000000,None,None,None,21000000,None,None,None,40000000,96000000,45000000,None,0,None,106000000,146000000,51000000
1970-01-01 00:00:00.000000077,2005-12-31,USD,285000000,2977000000,2692000000,2692000000,165000000,49000000,253000000,2812000000,None,None,None,22000000,None,None,None,36000000,161000000,-38000000,None,0,None,165000000,201000000,173000000
1970-01-01 00:00:00.000000078,2005-09-30,USD,171000000,1858000000,1687000000,1687000000,55000000,32000000,121000000,1803000000,None,None,None,22000000,None,None,None,30000000,51000000,21000000,None,0,None,55000000,85000000,30000000
1970-01-01 00:00:00.000000079,2005-06-30,USD,186000000,1753000000,1567000000,1567000000,104000000,38000000,106000000,1649000000,None,None,None,22000000,None,None,None,26000000,108000000,56000000,None,0,None,104000000,130000000,52000000
1970-01-01 00:00:00.000000080,2005-03-31,USD,200000000,1902000000,1702000000,1702000000,108000000,46000000,92000000,1794000000,None,None,None,26000000,None,None,None,28000000,108000000,56000000,None,0,None,108000000,136000000,52000000
